%YAML 1.1
%TAG !u! tag:unity3d.com,2011:
--- !u!29 &1
SceneSettings:
  m_ObjectHideFlags: 0
  m_PVSData: 
  m_PVSObjectsArray: []
  m_PVSPortalsArray: []
  m_OcclusionBakeSettings:
    smallestOccluder: 5
    smallestHole: .25
    backfaceThreshold: 100
--- !u!104 &2
RenderSettings:
  m_ObjectHideFlags: 0
  serializedVersion: 6
  m_Fog: 0
  m_FogColor: {r: .5, g: .5, b: .5, a: 1}
  m_FogMode: 3
  m_FogDensity: .00999999978
  m_LinearFogStart: 0
  m_LinearFogEnd: 300
  m_AmbientSkyColor: {r: .211999997, g: .226999998, b: .259000003, a: 1}
  m_AmbientEquatorColor: {r: .114, g: .125, b: .133000001, a: 1}
  m_AmbientGroundColor: {r: .0469999984, g: .0430000015, b: .0350000001, a: 1}
  m_AmbientIntensity: 1
  m_AmbientMode: 3
  m_SkyboxMaterial: {fileID: 0}
  m_HaloStrength: .5
  m_FlareStrength: 1
  m_FlareFadeSpeed: 3
  m_HaloTexture: {fileID: 0}
  m_SpotCookie: {fileID: 10001, guid: 0000000000000000e000000000000000, type: 0}
  m_DefaultReflectionMode: 0
  m_DefaultReflectionResolution: 128
  m_ReflectionBounces: 1
  m_ReflectionIntensity: 1
  m_CustomReflection: {fileID: 0}
  m_Sun: {fileID: 0}
--- !u!157 &4
LightmapSettings:
  m_ObjectHideFlags: 0
  serializedVersion: 5
  m_GIWorkflowMode: 1
  m_LightmapsMode: 1
  m_GISettings:
    serializedVersion: 2
    m_BounceScale: 1
    m_IndirectOutputScale: 1
    m_AlbedoBoost: 1
    m_TemporalCoherenceThreshold: 1
    m_EnvironmentLightingMode: 0
    m_EnableBakedLightmaps: 0
    m_EnableRealtimeLightmaps: 0
  m_LightmapEditorSettings:
    serializedVersion: 3
    m_Resolution: 2
    m_BakeResolution: 40
    m_TextureWidth: 1024
    m_TextureHeight: 1024
    m_AOMaxDistance: 1
    m_Padding: 2
    m_CompAOExponent: 0
    m_LightmapParameters: {fileID: 0}
    m_TextureCompression: 1
    m_FinalGather: 0
    m_FinalGatherRayCount: 1024
    m_ReflectionCompression: 2
  m_LightmapSnapshot: {fileID: 0}
  m_RuntimeCPUUsage: 25
--- !u!196 &5
NavMeshSettings:
  serializedVersion: 2
  m_ObjectHideFlags: 0
  m_BuildSettings:
    serializedVersion: 2
    agentRadius: .5
    agentHeight: 2
    agentSlope: 45
    agentClimb: .400000006
    ledgeDropHeight: 0
    maxJumpAcrossDistance: 0
    accuratePlacement: 0
    minRegionArea: 2
    cellSize: .166666672
    manualCellSize: 0
  m_NavMeshData: {fileID: 0}
--- !u!1 &110393433
GameObject:
  m_ObjectHideFlags: 0
  m_PrefabParentObject: {fileID: 100008, guid: 904c2ecfa6843a54695cde37bd442482, type: 3}
  m_PrefabInternal: {fileID: 0}
  serializedVersion: 4
  m_Component:
  - 4: {fileID: 110393434}
  - 33: {fileID: 110393436}
  - 23: {fileID: 110393435}
  - 114: {fileID: 110393437}
  - 114: {fileID: 110393438}
  m_Layer: 0
  m_Name: Darmak
  m_TagString: Untagged
  m_Icon: {fileID: 0}
  m_NavMeshLayer: 0
  m_StaticEditorFlags: 0
  m_IsActive: 1
--- !u!4 &110393434
Transform:
  m_ObjectHideFlags: 0
  m_PrefabParentObject: {fileID: 400008, guid: 904c2ecfa6843a54695cde37bd442482, type: 3}
  m_PrefabInternal: {fileID: 0}
  m_GameObject: {fileID: 110393433}
  m_LocalRotation: {x: 0, y: 0, z: 0, w: 1}
  m_LocalPosition: {x: 0, y: 0, z: 0}
  m_LocalScale: {x: 1, y: 1, z: 1}
  m_Children:
  - {fileID: 1242338148}
  - {fileID: 1631378458}
  m_Father: {fileID: 256737261}
  m_RootOrder: 0
--- !u!23 &110393435
MeshRenderer:
  m_ObjectHideFlags: 0
  m_PrefabParentObject: {fileID: 2300000, guid: 904c2ecfa6843a54695cde37bd442482,
    type: 3}
  m_PrefabInternal: {fileID: 0}
  m_GameObject: {fileID: 110393433}
  m_Enabled: 1
  m_CastShadows: 1
  m_ReceiveShadows: 1
  m_Materials:
  - {fileID: 2100000, guid: 5f36e04aad5e45c4396e6643af138fbf, type: 2}
  - {fileID: 0}
  m_SubsetIndices: 
  m_StaticBatchRoot: {fileID: 0}
  m_UseLightProbes: 1
  m_ReflectionProbeUsage: 1
  m_ProbeAnchor: {fileID: 0}
  m_ScaleInLightmap: 1
  m_PreserveUVs: 0
  m_ImportantGI: 0
  m_AutoUVMaxDistance: .5
  m_AutoUVMaxAngle: 89
  m_LightmapParameters: {fileID: 0}
  m_SortingLayerID: 0
  m_SortingOrder: 0
--- !u!33 &110393436
MeshFilter:
  m_ObjectHideFlags: 0
  m_PrefabParentObject: {fileID: 3300000, guid: 904c2ecfa6843a54695cde37bd442482,
    type: 3}
  m_PrefabInternal: {fileID: 0}
  m_GameObject: {fileID: 110393433}
  m_Mesh: {fileID: 4300002, guid: 904c2ecfa6843a54695cde37bd442482, type: 3}
--- !u!114 &110393437
MonoBehaviour:
  m_ObjectHideFlags: 0
  m_PrefabParentObject: {fileID: 0}
  m_PrefabInternal: {fileID: 0}
  m_GameObject: {fileID: 110393433}
  m_Enabled: 1
  m_EditorHideFlags: 0
  m_Script: {fileID: 11500000, guid: e516e9acf2b0d464eb92421b255e5635, type: 3}
  m_Name: 
  m_EditorClassIdentifier: 
  Color: {r: .285467088, g: .620341897, b: .970588207, a: .677999973}
  Brightness: .800000012
  RenderQueue: 3000
  RenderQueueOffset: 0
  Fog: .82099998
  Smooth: 1
  InnerPower: 3
  InnerMeshRadius: 2.63555002
  InnerRenderers:
  - {fileID: 110393435}
  MiddlePower: 0
  MiddleRatio: .5
  OuterPower: 3
  OuterMeshRadius: 1
  OuterMeshes:
  - {fileID: 4300000, guid: 940538042eca54e42b404360c5a948a2, type: 2}
  DensityColor:
    key0:
      serializedVersion: 2
      rgba: 4294967040
    key1:
      serializedVersion: 2
      rgba: 4294967295
    key2:
      serializedVersion: 2
      rgba: 0
    key3:
      serializedVersion: 2
      rgba: 0
    key4:
      serializedVersion: 2
      rgba: 0
    key5:
      serializedVersion: 2
      rgba: 0
    key6:
      serializedVersion: 2
      rgba: 0
    key7:
      serializedVersion: 2
      rgba: 0
    ctime0: 0
    ctime1: 65535
    ctime2: 0
    ctime3: 0
    ctime4: 0
    ctime5: 0
    ctime6: 0
    ctime7: 0
    atime0: 0
    atime1: 65535
    atime2: 0
    atime3: 0
    atime4: 0
    atime5: 0
    atime6: 0
    atime7: 0
    m_NumColorKeys: 2
    m_NumAlphaKeys: 2
  DensityScale: 1
  Height: .0199999996
  awakeCalled: 1
  outers:
  - {fileID: 1242338151}
  Lights:
  - {fileID: 630625217}
  Shadows: []
  Scattering: 1
  MieSharpness: 4.28999996
  MieStrength: 5.75
  RayleighStrength: 2.55999994
  GroundScattering: 1
  GroundPower: 2
  GroundMieSharpness: 3.57999992
  GroundMieStrength: 3.8599999
  LimitBrightness: 1
  LightingBrightness:
    key0:
      serializedVersion: 2
      rgba: 4278190080
    key1:
      serializedVersion: 2
      rgba: 4294967295
    key2:
      serializedVersion: 2
      rgba: 0
    key3:
      serializedVersion: 2
      rgba: 0
    key4:
      serializedVersion: 2
      rgba: 0
    key5:
      serializedVersion: 2
      rgba: 0
    key6:
      serializedVersion: 2
      rgba: 0
    key7:
      serializedVersion: 2
      rgba: 0
    ctime0: 26214
    ctime1: 39321
    ctime2: 0
    ctime3: 0
    ctime4: 0
    ctime5: 0
    ctime6: 0
    ctime7: 0
    atime0: 0
    atime1: 65535
    atime2: 0
    atime3: 0
    atime4: 0
    atime5: 0
    atime6: 0
    atime7: 0
    m_NumColorKeys: 2
    m_NumAlphaKeys: 2
  LightingColor:
    key0:
      serializedVersion: 2
      rgba: 4278190335
    key1:
      serializedVersion: 2
      rgba: 4294967295
    key2:
      serializedVersion: 2
      rgba: 0
    key3:
      serializedVersion: 2
      rgba: 0
    key4:
      serializedVersion: 2
      rgba: 0
    key5:
      serializedVersion: 2
      rgba: 0
    key6:
      serializedVersion: 2
      rgba: 0
    key7:
      serializedVersion: 2
      rgba: 0
    ctime0: 16384
    ctime1: 32768
    ctime2: 0
    ctime3: 0
    ctime4: 0
    ctime5: 0
    ctime6: 0
    ctime7: 0
    atime0: 0
    atime1: 65535
    atime2: 0
    atime3: 0
    atime4: 0
    atime5: 0
    atime6: 0
    atime7: 0
    m_NumColorKeys: 2
    m_NumAlphaKeys: 2
--- !u!114 &110393438
MonoBehaviour:
  m_ObjectHideFlags: 0
  m_PrefabParentObject: {fileID: 0}
  m_PrefabInternal: {fileID: 0}
  m_GameObject: {fileID: 110393433}
  m_Enabled: 0
  m_EditorHideFlags: 0
  m_Script: {fileID: 11500000, guid: aacb11b170425fe4cbc5edf718b80ea5, type: 3}
  m_Name: 
  m_EditorClassIdentifier: 
  Lights:
  - {fileID: 630625217}
  Shadows: []
  MeshRadius: 1
  Meshes:
  - {fileID: 0}
  Color: {r: 1, g: 1, b: 1, a: 1}
  Brightness: 1
  RenderQueue: 3000
  RenderQueueOffset: 0
  Radius: 1.5
  FadeNear: 0
  FadeInnerRadius: .25
  FadeOuterRadius: .5
  ObserverOffset: 0
  MainTex: {fileID: 8900000, guid: 5d5c5a6544d63db4f8c9505c985cfc8f, type: 3}
  LightingBrightness:
    key0:
      serializedVersion: 2
      rgba: 4278190080
    key1:
      serializedVersion: 2
      rgba: 4294967295
    key2:
      serializedVersion: 2
      rgba: 0
    key3:
      serializedVersion: 2
      rgba: 0
    key4:
      serializedVersion: 2
      rgba: 0
    key5:
      serializedVersion: 2
      rgba: 0
    key6:
      serializedVersion: 2
      rgba: 0
    key7:
      serializedVersion: 2
      rgba: 0
    ctime0: 26214
    ctime1: 39321
    ctime2: 0
    ctime3: 0
    ctime4: 0
    ctime5: 0
    ctime6: 0
    ctime7: 0
    atime0: 0
    atime1: 65535
    atime2: 0
    atime3: 0
    atime4: 0
    atime5: 0
    atime6: 0
    atime7: 0
    m_NumColorKeys: 2
    m_NumAlphaKeys: 2
  LightingColor:
    key0:
      serializedVersion: 2
      rgba: 4278190335
    key1:
      serializedVersion: 2
      rgba: 4294967295
    key2:
      serializedVersion: 2
      rgba: 0
    key3:
      serializedVersion: 2
      rgba: 0
    key4:
      serializedVersion: 2
      rgba: 0
    key5:
      serializedVersion: 2
      rgba: 0
    key6:
      serializedVersion: 2
      rgba: 0
    key7:
      serializedVersion: 2
      rgba: 0
    ctime0: 16384
    ctime1: 32768
    ctime2: 0
    ctime3: 0
    ctime4: 0
    ctime5: 0
    ctime6: 0
    ctime7: 0
    atime0: 0
    atime1: 65535
    atime2: 0
    atime3: 0
    atime4: 0
    atime5: 0
    atime6: 0
    atime7: 0
    m_NumColorKeys: 2
    m_NumAlphaKeys: 2
  RimColor:
    key0:
      serializedVersion: 2
      rgba: 4294901760
    key1:
      serializedVersion: 2
      rgba: 4294967295
    key2:
      serializedVersion: 2
      rgba: 0
    key3:
      serializedVersion: 2
      rgba: 0
    key4:
      serializedVersion: 2
      rgba: 0
    key5:
      serializedVersion: 2
      rgba: 0
    key6:
      serializedVersion: 2
      rgba: 0
    key7:
      serializedVersion: 2
      rgba: 0
    ctime0: 0
    ctime1: 32768
    ctime2: 0
    ctime3: 0
    ctime4: 0
    ctime5: 0
    ctime6: 0
    ctime7: 0
    atime0: 0
    atime1: 65535
    atime2: 0
    atime3: 0
    atime4: 0
    atime5: 0
    atime6: 0
    atime7: 0
    m_NumColorKeys: 2
    m_NumAlphaKeys: 2
  awakeCalled: 1
  models:
  - {fileID: 1631378461}
--- !u!1 &248441682
GameObject:
  m_ObjectHideFlags: 0
  m_PrefabParentObject: {fileID: 0}
  m_PrefabInternal: {fileID: 0}
  serializedVersion: 4
  m_Component:
  - 4: {fileID: 248441686}
  - 114: {fileID: 248441685}
  - 114: {fileID: 248441684}
  - 114: {fileID: 248441683}
  m_Layer: 0
  m_Name: EventSystem
  m_TagString: Untagged
  m_Icon: {fileID: 0}
  m_NavMeshLayer: 0
  m_StaticEditorFlags: 0
  m_IsActive: 1
--- !u!114 &248441683
MonoBehaviour:
  m_ObjectHideFlags: 0
  m_PrefabParentObject: {fileID: 0}
  m_PrefabInternal: {fileID: 0}
  m_GameObject: {fileID: 248441682}
  m_Enabled: 1
  m_EditorHideFlags: 0
  m_Script: {fileID: 1997211142, guid: f5f67c52d1564df4a8936ccd202a3bd8, type: 3}
  m_Name: 
  m_EditorClassIdentifier: 
  m_ForceModuleActive: 0
--- !u!114 &248441684
MonoBehaviour:
  m_ObjectHideFlags: 0
  m_PrefabParentObject: {fileID: 0}
  m_PrefabInternal: {fileID: 0}
  m_GameObject: {fileID: 248441682}
  m_Enabled: 1
  m_EditorHideFlags: 0
  m_Script: {fileID: 1077351063, guid: f5f67c52d1564df4a8936ccd202a3bd8, type: 3}
  m_Name: 
  m_EditorClassIdentifier: 
  m_HorizontalAxis: Horizontal
  m_VerticalAxis: Vertical
  m_SubmitButton: Submit
  m_CancelButton: Cancel
  m_InputActionsPerSecond: 10
  m_RepeatDelay: .5
  m_ForceModuleActive: 0
--- !u!114 &248441685
MonoBehaviour:
  m_ObjectHideFlags: 0
  m_PrefabParentObject: {fileID: 0}
  m_PrefabInternal: {fileID: 0}
  m_GameObject: {fileID: 248441682}
  m_Enabled: 1
  m_EditorHideFlags: 0
  m_Script: {fileID: -619905303, guid: f5f67c52d1564df4a8936ccd202a3bd8, type: 3}
  m_Name: 
  m_EditorClassIdentifier: 
  m_FirstSelected: {fileID: 0}
  m_sendNavigationEvents: 1
  m_DragThreshold: 5
--- !u!4 &248441686
Transform:
  m_ObjectHideFlags: 0
  m_PrefabParentObject: {fileID: 0}
  m_PrefabInternal: {fileID: 0}
  m_GameObject: {fileID: 248441682}
  m_LocalRotation: {x: 0, y: 0, z: 0, w: 1}
  m_LocalPosition: {x: 0, y: 0, z: 0}
  m_LocalScale: {x: 1, y: 1, z: 1}
  m_Children: []
  m_Father: {fileID: 0}
  m_RootOrder: 4
--- !u!1 &256737260
GameObject:
  m_ObjectHideFlags: 0
  m_PrefabParentObject: {fileID: 100004, guid: 904c2ecfa6843a54695cde37bd442482, type: 3}
  m_PrefabInternal: {fileID: 0}
  serializedVersion: 4
  m_Component:
  - 4: {fileID: 256737261}
  m_Layer: 0
  m_Name: Planet
  m_TagString: Untagged
  m_Icon: {fileID: 0}
  m_NavMeshLayer: 0
  m_StaticEditorFlags: 0
  m_IsActive: 1
--- !u!4 &256737261
Transform:
  m_ObjectHideFlags: 0
  m_PrefabParentObject: {fileID: 400004, guid: 904c2ecfa6843a54695cde37bd442482, type: 3}
  m_PrefabInternal: {fileID: 0}
  m_GameObject: {fileID: 256737260}
  m_LocalRotation: {x: 0, y: 0, z: 0, w: 1}
  m_LocalPosition: {x: -44.5999985, y: -25.3600006, z: -171.5}
  m_LocalScale: {x: 2.92716599, y: 2.92716241, z: 2.92716241}
  m_Children:
  - {fileID: 110393434}
  m_Father: {fileID: 1267516248}
  m_RootOrder: 3
--- !u!1 &502096262
GameObject:
  m_ObjectHideFlags: 0
  m_PrefabParentObject: {fileID: 0}
  m_PrefabInternal: {fileID: 0}
  serializedVersion: 4
  m_Component:
  - 224: {fileID: 502096263}
  - 223: {fileID: 502096266}
  - 114: {fileID: 502096265}
  - 114: {fileID: 502096264}
  m_Layer: 5
  m_Name: Canvas
  m_TagString: Untagged
  m_Icon: {fileID: 0}
  m_NavMeshLayer: 0
  m_StaticEditorFlags: 0
  m_IsActive: 1
--- !u!224 &502096263
RectTransform:
  m_ObjectHideFlags: 0
  m_PrefabParentObject: {fileID: 0}
  m_PrefabInternal: {fileID: 0}
  m_GameObject: {fileID: 502096262}
  m_LocalRotation: {x: 0, y: 0, z: 0, w: 1}
  m_LocalPosition: {x: 0, y: 0, z: 51.2999992}
  m_LocalScale: {x: .0108094765, y: .0108094765, z: .0108094765}
  m_Children:
  - {fileID: 1302882938}
  m_Father: {fileID: 0}
  m_RootOrder: 3
  m_AnchorMin: {x: 0, y: 0}
  m_AnchorMax: {x: 0, y: 0}
  m_AnchoredPosition: {x: 0, y: 0}
  m_SizeDelta: {x: 2492, y: 1345}
  m_Pivot: {x: .5, y: .5}
--- !u!114 &502096264
MonoBehaviour:
  m_ObjectHideFlags: 0
  m_PrefabParentObject: {fileID: 0}
  m_PrefabInternal: {fileID: 0}
  m_GameObject: {fileID: 502096262}
  m_Enabled: 1
  m_EditorHideFlags: 0
  m_Script: {fileID: 1301386320, guid: f5f67c52d1564df4a8936ccd202a3bd8, type: 3}
  m_Name: 
  m_EditorClassIdentifier: 
  m_IgnoreReversedGraphics: 1
  m_BlockingObjects: 0
  m_BlockingMask:
    serializedVersion: 2
    m_Bits: 4294967295
--- !u!114 &502096265
MonoBehaviour:
  m_ObjectHideFlags: 0
  m_PrefabParentObject: {fileID: 0}
  m_PrefabInternal: {fileID: 0}
  m_GameObject: {fileID: 502096262}
  m_Enabled: 1
  m_EditorHideFlags: 0
  m_Script: {fileID: 1980459831, guid: f5f67c52d1564df4a8936ccd202a3bd8, type: 3}
  m_Name: 
  m_EditorClassIdentifier: 
  m_UiScaleMode: 0
  m_ReferencePixelsPerUnit: 100
  m_ScaleFactor: 1
  m_ReferenceResolution: {x: 800, y: 600}
  m_ScreenMatchMode: 0
  m_MatchWidthOrHeight: 0
  m_PhysicalUnit: 3
  m_FallbackScreenDPI: 96
  m_DefaultSpriteDPI: 96
  m_DynamicPixelsPerUnit: 1
--- !u!223 &502096266
Canvas:
  m_ObjectHideFlags: 0
  m_PrefabParentObject: {fileID: 0}
  m_PrefabInternal: {fileID: 0}
  m_GameObject: {fileID: 502096262}
  m_Enabled: 1
  serializedVersion: 2
  m_RenderMode: 2
  m_Camera: {fileID: 0}
  m_PlaneDistance: 100
  m_PixelPerfect: 0
  m_ReceivesEvents: 1
  m_OverrideSorting: 0
  m_OverridePixelPerfect: 0
  m_SortingLayerID: 0
  m_SortingOrder: 0
--- !u!1 &630625215
GameObject:
  m_ObjectHideFlags: 0
  m_PrefabParentObject: {fileID: 0}
  m_PrefabInternal: {fileID: 0}
  serializedVersion: 4
  m_Component:
  - 4: {fileID: 630625216}
  - 108: {fileID: 630625217}
  m_Layer: 0
  m_Name: Point light
  m_TagString: Untagged
  m_Icon: {fileID: 0}
  m_NavMeshLayer: 0
  m_StaticEditorFlags: 0
  m_IsActive: 1
--- !u!4 &630625216
Transform:
  m_ObjectHideFlags: 0
  m_PrefabParentObject: {fileID: 0}
  m_PrefabInternal: {fileID: 0}
  m_GameObject: {fileID: 630625215}
  m_LocalRotation: {x: .707106829, y: 0, z: 0, w: .707106829}
  m_LocalPosition: {x: 152.482513, y: 92.5067062, z: 46.2247734}
  m_LocalScale: {x: 1, y: 1, z: 1}
  m_Children: []
  m_Father: {fileID: 1267516248}
  m_RootOrder: 1
--- !u!108 &630625217
Light:
  m_ObjectHideFlags: 0
  m_PrefabParentObject: {fileID: 0}
  m_PrefabInternal: {fileID: 0}
  m_GameObject: {fileID: 630625215}
  m_Enabled: 1
  serializedVersion: 6
  m_Type: 2
  m_Color: {r: 1, g: 1, b: 1, a: 1}
  m_Intensity: 1
  m_Range: 20678.2773
  m_SpotAngle: 30
  m_CookieSize: 10
  m_Shadows:
    m_Type: 0
    m_Resolution: -1
    m_Strength: 1
    m_Bias: .0500000007
    m_NormalBias: .400000006
  m_Cookie: {fileID: 0}
  m_DrawHalo: 0
  m_Flare: {fileID: 0}
  m_RenderMode: 0
  m_CullingMask:
    serializedVersion: 2
    m_Bits: 4294967295
  m_Lightmapping: 4
  m_BounceIntensity: 1
  m_ShadowRadius: 0
  m_ShadowAngle: 0
  m_AreaSize: {x: 1, y: 1}
--- !u!1 &644196685
GameObject:
  m_ObjectHideFlags: 0
  m_PrefabParentObject: {fileID: 100000, guid: 904c2ecfa6843a54695cde37bd442482, type: 3}
  m_PrefabInternal: {fileID: 0}
  serializedVersion: 4
  m_Component:
  - 4: {fileID: 644196686}
  m_Layer: 0
  m_Name: Camera
  m_TagString: Untagged
  m_Icon: {fileID: 0}
  m_NavMeshLayer: 0
  m_StaticEditorFlags: 0
  m_IsActive: 1
--- !u!4 &644196686
Transform:
  m_ObjectHideFlags: 0
  m_PrefabParentObject: {fileID: 400000, guid: 904c2ecfa6843a54695cde37bd442482, type: 3}
  m_PrefabInternal: {fileID: 0}
  m_GameObject: {fileID: 644196685}
  m_LocalRotation: {x: -.00334914518, y: -.697782397, z: .00343799382, w: .716293693}
  m_LocalPosition: {x: -2.58751225, y: .105278231, z: 12.9777365}
  m_LocalScale: {x: 1, y: 1, z: 1}
  m_Children: []
  m_Father: {fileID: 1267516248}
  m_RootOrder: 0
--- !u!1 &724538791
GameObject:
  m_ObjectHideFlags: 0
  m_PrefabParentObject: {fileID: 100002, guid: 904c2ecfa6843a54695cde37bd442482, type: 3}
  m_PrefabInternal: {fileID: 0}
  serializedVersion: 4
  m_Component:
  - 4: {fileID: 724538792}
  m_Layer: 0
  m_Name: Light
  m_TagString: Untagged
  m_Icon: {fileID: 0}
  m_NavMeshLayer: 0
  m_StaticEditorFlags: 0
  m_IsActive: 1
--- !u!4 &724538792
Transform:
  m_ObjectHideFlags: 0
  m_PrefabParentObject: {fileID: 400002, guid: 904c2ecfa6843a54695cde37bd442482, type: 3}
  m_PrefabInternal: {fileID: 0}
  m_GameObject: {fileID: 724538791}
  m_LocalRotation: {x: .707106829, y: 0, z: 0, w: .707106829}
  m_LocalPosition: {x: 152.482513, y: 92.5067062, z: 46.2247734}
  m_LocalScale: {x: 1, y: 1, z: 1}
  m_Children: []
  m_Father: {fileID: 1267516248}
  m_RootOrder: 2
--- !u!1 &1242338147
GameObject:
  m_ObjectHideFlags: 0
  m_PrefabParentObject: {fileID: 0}
  m_PrefabInternal: {fileID: 0}
  serializedVersion: 4
  m_Component:
  - 4: {fileID: 1242338148}
  - 114: {fileID: 1242338151}
  - 33: {fileID: 1242338150}
  - 23: {fileID: 1242338149}
  m_Layer: 0
  m_Name: Outer
  m_TagString: Untagged
  m_Icon: {fileID: 0}
  m_NavMeshLayer: 0
  m_StaticEditorFlags: 0
  m_IsActive: 1
--- !u!4 &1242338148
Transform:
  m_ObjectHideFlags: 0
  m_PrefabParentObject: {fileID: 0}
  m_PrefabInternal: {fileID: 0}
  m_GameObject: {fileID: 1242338147}
  m_LocalRotation: {x: 0, y: 0, z: 0, w: 1}
  m_LocalPosition: {x: 0, y: 0, z: 0}
  m_LocalScale: {x: 2.65555, y: 2.65555, z: 2.65555}
  m_Children: []
  m_Father: {fileID: 110393434}
  m_RootOrder: 0
--- !u!23 &1242338149
MeshRenderer:
  m_ObjectHideFlags: 0
  m_PrefabParentObject: {fileID: 0}
  m_PrefabInternal: {fileID: 0}
  m_GameObject: {fileID: 1242338147}
  m_Enabled: 1
  m_CastShadows: 1
  m_ReceiveShadows: 1
  m_Materials:
  - {fileID: 0}
  m_SubsetIndices: 
  m_StaticBatchRoot: {fileID: 0}
  m_UseLightProbes: 1
  m_ReflectionProbeUsage: 1
  m_ProbeAnchor: {fileID: 0}
  m_ScaleInLightmap: 1
  m_PreserveUVs: 0
  m_ImportantGI: 0
  m_AutoUVMaxDistance: .5
  m_AutoUVMaxAngle: 89
  m_LightmapParameters: {fileID: 0}
  m_SortingLayerID: 0
  m_SortingOrder: 0
--- !u!33 &1242338150
MeshFilter:
  m_ObjectHideFlags: 0
  m_PrefabParentObject: {fileID: 0}
  m_PrefabInternal: {fileID: 0}
  m_GameObject: {fileID: 1242338147}
  m_Mesh: {fileID: 4300000, guid: 940538042eca54e42b404360c5a948a2, type: 2}
--- !u!114 &1242338151
MonoBehaviour:
  m_ObjectHideFlags: 0
  m_PrefabParentObject: {fileID: 0}
  m_PrefabInternal: {fileID: 0}
  m_GameObject: {fileID: 1242338147}
  m_Enabled: 1
  m_EditorHideFlags: 0
  m_Script: {fileID: 11500000, guid: 623ae1a666777ee41834e6d175be63c5, type: 3}
  m_Name: 
  m_EditorClassIdentifier: 
  Corona: {fileID: 110393437}
  MeshFilter: {fileID: 1242338150}
  MeshRenderer: {fileID: 1242338149}
--- !u!1001 &1255937805
Prefab:
  m_ObjectHideFlags: 0
  serializedVersion: 2
  m_Modification:
    m_TransformParent: {fileID: 0}
    m_Modifications:
    - target: {fileID: 474574, guid: fcd2868a519be064d95b5ded5dd6cf95, type: 2}
      propertyPath: m_LocalPosition.x
      value: 0
      objectReference: {fileID: 0}
    - target: {fileID: 474574, guid: fcd2868a519be064d95b5ded5dd6cf95, type: 2}
      propertyPath: m_LocalPosition.y
      value: .259427428
      objectReference: {fileID: 0}
    - target: {fileID: 474574, guid: fcd2868a519be064d95b5ded5dd6cf95, type: 2}
      propertyPath: m_LocalPosition.z
      value: 51.2999992
      objectReference: {fileID: 0}
    - target: {fileID: 474574, guid: fcd2868a519be064d95b5ded5dd6cf95, type: 2}
      propertyPath: m_LocalRotation.x
      value: 0
      objectReference: {fileID: 0}
    - target: {fileID: 474574, guid: fcd2868a519be064d95b5ded5dd6cf95, type: 2}
      propertyPath: m_LocalRotation.y
      value: 0
      objectReference: {fileID: 0}
    - target: {fileID: 474574, guid: fcd2868a519be064d95b5ded5dd6cf95, type: 2}
      propertyPath: m_LocalRotation.z
      value: 0
      objectReference: {fileID: 0}
    - target: {fileID: 474574, guid: fcd2868a519be064d95b5ded5dd6cf95, type: 2}
      propertyPath: m_LocalRotation.w
      value: 1
      objectReference: {fileID: 0}
    - target: {fileID: 474574, guid: fcd2868a519be064d95b5ded5dd6cf95, type: 2}
      propertyPath: m_RootOrder
      value: 5
      objectReference: {fileID: 0}
    m_RemovedComponents: []
  m_ParentPrefab: {fileID: 100100000, guid: fcd2868a519be064d95b5ded5dd6cf95, type: 2}
  m_IsPrefabParent: 0
--- !u!1 &1267516247
GameObject:
  m_ObjectHideFlags: 0
  m_PrefabParentObject: {fileID: 100006, guid: 904c2ecfa6843a54695cde37bd442482, type: 3}
  m_PrefabInternal: {fileID: 0}
  serializedVersion: 4
  m_Component:
  - 4: {fileID: 1267516248}
  - 95: {fileID: 1267516249}
  m_Layer: 0
  m_Name: planet
  m_TagString: Planet1
  m_Icon: {fileID: 0}
  m_NavMeshLayer: 0
  m_StaticEditorFlags: 0
  m_IsActive: 1
--- !u!4 &1267516248
Transform:
  m_ObjectHideFlags: 0
  m_PrefabParentObject: {fileID: 400006, guid: 904c2ecfa6843a54695cde37bd442482, type: 3}
  m_PrefabInternal: {fileID: 0}
  m_GameObject: {fileID: 1267516247}
  m_LocalRotation: {x: 0, y: .707106829, z: 0, w: .707106709}
  m_LocalPosition: {x: 88.8779984, y: 14.2480001, z: 42.4550018}
  m_LocalScale: {x: .512916386, y: .512916386, z: .512916386}
  m_Children:
  - {fileID: 644196686}
  - {fileID: 630625216}
  - {fileID: 724538792}
  - {fileID: 256737261}
  m_Father: {fileID: 0}
  m_RootOrder: 0
--- !u!95 &1267516249
Animator:
  serializedVersion: 3
  m_ObjectHideFlags: 0
  m_PrefabParentObject: {fileID: 9500000, guid: 904c2ecfa6843a54695cde37bd442482,
    type: 3}
  m_PrefabInternal: {fileID: 0}
  m_GameObject: {fileID: 1267516247}
  m_Enabled: 1
  m_Avatar: {fileID: 9000000, guid: 904c2ecfa6843a54695cde37bd442482, type: 3}
  m_Controller: {fileID: 0}
  m_CullingMode: 0
  m_UpdateMode: 0
  m_ApplyRootMotion: 0
  m_LinearVelocityBlending: 0
  m_WarningMessage: 
  m_HasTransformHierarchy: 1
  m_AllowConstantClipSamplingOptimization: 1
--- !u!1 &1302882935
GameObject:
  m_ObjectHideFlags: 0
  m_PrefabParentObject: {fileID: 0}
  m_PrefabInternal: {fileID: 0}
  serializedVersion: 4
  m_Component:
  - 224: {fileID: 1302882938}
  - 222: {fileID: 1302882937}
  - 114: {fileID: 1302882936}
  m_Layer: 5
  m_Name: ConsoleText
  m_TagString: Untagged
  m_Icon: {fileID: 0}
  m_NavMeshLayer: 0
  m_StaticEditorFlags: 0
  m_IsActive: 1
--- !u!114 &1302882936
MonoBehaviour:
  m_ObjectHideFlags: 0
  m_PrefabParentObject: {fileID: 0}
  m_PrefabInternal: {fileID: 0}
  m_GameObject: {fileID: 1302882935}
  m_Enabled: 1
  m_EditorHideFlags: 0
  m_Script: {fileID: 708705254, guid: f5f67c52d1564df4a8936ccd202a3bd8, type: 3}
  m_Name: 
  m_EditorClassIdentifier: 
  m_Material: {fileID: 0}
  m_Color: {r: 1, g: 1, b: 1, a: 1}
  m_RaycastTarget: 1
  m_OnCullStateChanged:
    m_PersistentCalls:
      m_Calls: []
    m_TypeName: UnityEngine.UI.MaskableGraphic+CullStateChangedEvent, UnityEngine.UI,
      Version=1.0.0.0, Culture=neutral, PublicKeyToken=null
  m_FontData:
    m_Font: {fileID: 10102, guid: 0000000000000000e000000000000000, type: 0}
    m_FontSize: 32
    m_FontStyle: 0
    m_BestFit: 0
    m_MinSize: 10
    m_MaxSize: 40
    m_Alignment: 0
    m_RichText: 1
    m_HorizontalOverflow: 0
    m_VerticalOverflow: 0
    m_LineSpacing: 1
  m_Text: 
--- !u!222 &1302882937
CanvasRenderer:
  m_ObjectHideFlags: 0
  m_PrefabParentObject: {fileID: 0}
  m_PrefabInternal: {fileID: 0}
  m_GameObject: {fileID: 1302882935}
--- !u!224 &1302882938
RectTransform:
  m_ObjectHideFlags: 0
  m_PrefabParentObject: {fileID: 0}
  m_PrefabInternal: {fileID: 0}
  m_GameObject: {fileID: 1302882935}
  m_LocalRotation: {x: 0, y: 0, z: 0, w: 1}
  m_LocalPosition: {x: 0, y: 0, z: 0}
  m_LocalScale: {x: 1, y: 1, z: 1}
  m_Children: []
  m_Father: {fileID: 502096263}
  m_RootOrder: 0
  m_AnchorMin: {x: .5, y: .5}
  m_AnchorMax: {x: .5, y: .5}
  m_AnchoredPosition: {x: 0, y: 18}
  m_SizeDelta: {x: 1453, y: 623}
  m_Pivot: {x: .5, y: .5}
--- !u!1 &1306321736
GameObject:
  m_ObjectHideFlags: 0
  m_PrefabParentObject: {fileID: 0}
  m_PrefabInternal: {fileID: 0}
  serializedVersion: 4
  m_Component:
  - 4: {fileID: 1306321738}
  - 114: {fileID: 1306321737}
  m_Layer: 0
  m_Name: TestRunner
  m_TagString: Untagged
  m_Icon: {fileID: 0}
  m_NavMeshLayer: 0
  m_StaticEditorFlags: 0
  m_IsActive: 1
--- !u!114 &1306321737
MonoBehaviour:
  m_ObjectHideFlags: 0
  m_PrefabParentObject: {fileID: 0}
  m_PrefabInternal: {fileID: 0}
  m_GameObject: {fileID: 1306321736}
  m_Enabled: 1
  m_EditorHideFlags: 0
  m_Script: {fileID: 11500000, guid: 5c3afc1c624179749bcdecf7b0224902, type: 3}
  m_Name: 
  m_EditorClassIdentifier: 
--- !u!4 &1306321738
Transform:
  m_ObjectHideFlags: 0
  m_PrefabParentObject: {fileID: 0}
  m_PrefabInternal: {fileID: 0}
  m_GameObject: {fileID: 1306321736}
  m_LocalRotation: {x: 0, y: 0, z: 0, w: 1}
  m_LocalPosition: {x: 0, y: 0, z: 0}
  m_LocalScale: {x: 1, y: 1, z: 1}
  m_Children: []
  m_Father: {fileID: 0}
  m_RootOrder: 7
--- !u!1001 &1373855941
Prefab:
  m_ObjectHideFlags: 0
  serializedVersion: 2
  m_Modification:
    m_TransformParent: {fileID: 0}
    m_Modifications:
    - target: {fileID: 11472338, guid: cd3d8e7807a043543aa166f5c72864b5, type: 2}
      propertyPath: monsterMessageList.Array.size
      value: 9
      objectReference: {fileID: 0}
    - target: {fileID: 494568, guid: cd3d8e7807a043543aa166f5c72864b5, type: 2}
      propertyPath: m_LocalPosition.x
      value: -37.0132904
      objectReference: {fileID: 0}
    - target: {fileID: 494568, guid: cd3d8e7807a043543aa166f5c72864b5, type: 2}
      propertyPath: m_LocalPosition.y
      value: -127.297195
      objectReference: {fileID: 0}
    - target: {fileID: 494568, guid: cd3d8e7807a043543aa166f5c72864b5, type: 2}
      propertyPath: m_LocalPosition.z
      value: -190.202164
      objectReference: {fileID: 0}
    - target: {fileID: 494568, guid: cd3d8e7807a043543aa166f5c72864b5, type: 2}
      propertyPath: m_LocalRotation.x
      value: 0
      objectReference: {fileID: 0}
    - target: {fileID: 494568, guid: cd3d8e7807a043543aa166f5c72864b5, type: 2}
      propertyPath: m_LocalRotation.y
      value: 0
      objectReference: {fileID: 0}
    - target: {fileID: 494568, guid: cd3d8e7807a043543aa166f5c72864b5, type: 2}
      propertyPath: m_LocalRotation.z
      value: 0
      objectReference: {fileID: 0}
    - target: {fileID: 494568, guid: cd3d8e7807a043543aa166f5c72864b5, type: 2}
      propertyPath: m_LocalRotation.w
      value: 1
      objectReference: {fileID: 0}
    - target: {fileID: 494568, guid: cd3d8e7807a043543aa166f5c72864b5, type: 2}
      propertyPath: m_RootOrder
      value: 6
      objectReference: {fileID: 0}
    - target: {fileID: 11472338, guid: cd3d8e7807a043543aa166f5c72864b5, type: 2}
      propertyPath: monsterMessageList.Array.data[0]
      value: '"You now made the plasmanian monster mad."'
      objectReference: {fileID: 0}
    - target: {fileID: 11472338, guid: cd3d8e7807a043543aa166f5c72864b5, type: 2}
      propertyPath: monsterMessageList.Array.data[1]
      value: '"You think you can beat the Zmonger!! HAHAHAH!!!"'
      objectReference: {fileID: 0}
    - target: {fileID: 11472338, guid: cd3d8e7807a043543aa166f5c72864b5, type: 2}
      propertyPath: monsterMessageList.Array.data[2]
      value: '"Here comes Medimak to save the day!"'
      objectReference: {fileID: 0}
    - target: {fileID: 11472338, guid: cd3d8e7807a043543aa166f5c72864b5, type: 2}
      propertyPath: monsterMessageList.Array.data[3]
      value: '"Emon, he''s easy!"'
      objectReference: {fileID: 0}
    - target: {fileID: 11472338, guid: cd3d8e7807a043543aa166f5c72864b5, type: 2}
      propertyPath: monsterMessageList.Array.data[4]
      value: '"THE SANKER TANKER!!"'
      objectReference: {fileID: 0}
    - target: {fileID: 11472338, guid: cd3d8e7807a043543aa166f5c72864b5, type: 2}
      propertyPath: monsterMessageList.Array.data[5]
      value: '"Medimon, always there to give you some pain meds."'
      objectReference: {fileID: 0}
    - target: {fileID: 11472338, guid: cd3d8e7807a043543aa166f5c72864b5, type: 2}
      propertyPath: monsterMessageList.Array.data[6]
      value: '"Heartmonger loves to eat hearts. Put on your Ironman suit."'
      objectReference: {fileID: 0}
    - target: {fileID: 11472338, guid: cd3d8e7807a043543aa166f5c72864b5, type: 2}
      propertyPath: monsterMessageList.Array.data[7]
      value: '"Livercod will steal your liver fast. Quick, hide it!!"'
      objectReference: {fileID: 0}
    - target: {fileID: 11472338, guid: cd3d8e7807a043543aa166f5c72864b5, type: 2}
      propertyPath: monsterMessageList.Array.data[8]
      value: '"uhh"'
      objectReference: {fileID: 0}
    m_RemovedComponents: []
  m_ParentPrefab: {fileID: 100100000, guid: cd3d8e7807a043543aa166f5c72864b5, type: 2}
  m_IsPrefabParent: 0
--- !u!1 &1631378457
GameObject:
  m_ObjectHideFlags: 0
  m_PrefabParentObject: {fileID: 0}
  m_PrefabInternal: {fileID: 0}
  serializedVersion: 4
  m_Component:
  - 4: {fileID: 1631378458}
  - 114: {fileID: 1631378461}
  - 33: {fileID: 1631378460}
  - 23: {fileID: 1631378459}
  m_Layer: 0
  m_Name: Model
  m_TagString: Untagged
  m_Icon: {fileID: 0}
  m_NavMeshLayer: 0
  m_StaticEditorFlags: 0
  m_IsActive: 0
--- !u!4 &1631378458
Transform:
  m_ObjectHideFlags: 0
  m_PrefabParentObject: {fileID: 0}
  m_PrefabInternal: {fileID: 0}
  m_GameObject: {fileID: 1631378457}
  m_LocalRotation: {x: 0, y: 0, z: 0, w: 1}
  m_LocalPosition: {x: 0, y: 0, z: 0}
  m_LocalScale: {x: 1.5, y: 1.5, z: 1.5}
  m_Children: []
  m_Father: {fileID: 110393434}
  m_RootOrder: 1
--- !u!23 &1631378459
MeshRenderer:
  m_ObjectHideFlags: 0
  m_PrefabParentObject: {fileID: 0}
  m_PrefabInternal: {fileID: 0}
  m_GameObject: {fileID: 1631378457}
  m_Enabled: 1
  m_CastShadows: 1
  m_ReceiveShadows: 1
  m_Materials:
  - {fileID: 0}
  m_SubsetIndices: 
  m_StaticBatchRoot: {fileID: 0}
  m_UseLightProbes: 1
  m_ReflectionProbeUsage: 1
  m_ProbeAnchor: {fileID: 0}
  m_ScaleInLightmap: 1
  m_PreserveUVs: 0
  m_ImportantGI: 0
  m_AutoUVMaxDistance: .5
  m_AutoUVMaxAngle: 89
  m_LightmapParameters: {fileID: 0}
  m_SortingLayerID: 0
  m_SortingOrder: 0
--- !u!33 &1631378460
MeshFilter:
  m_ObjectHideFlags: 0
  m_PrefabParentObject: {fileID: 0}
  m_PrefabInternal: {fileID: 0}
  m_GameObject: {fileID: 1631378457}
  m_Mesh: {fileID: 0}
--- !u!114 &1631378461
MonoBehaviour:
  m_ObjectHideFlags: 0
  m_PrefabParentObject: {fileID: 0}
  m_PrefabInternal: {fileID: 0}
  m_GameObject: {fileID: 1631378457}
  m_Enabled: 1
  m_EditorHideFlags: 0
  m_Script: {fileID: 11500000, guid: 1e080500d525b594ea6eb49c8bae8509, type: 3}
  m_Name: 
  m_EditorClassIdentifier: 
  Cloudsphere: {fileID: 110393438}
  MeshFilter: {fileID: 1631378460}
  MeshRenderer: {fileID: 1631378459}
--- !u!1 &1904799107
GameObject:
  m_ObjectHideFlags: 0
  m_PrefabParentObject: {fileID: 0}
  m_PrefabInternal: {fileID: 0}
  serializedVersion: 4
  m_Component:
  - 4: {fileID: 1904799109}
  - 114: {fileID: 1904799108}
  m_Layer: 0
  m_Name: Game
  m_TagString: Untagged
  m_Icon: {fileID: 0}
  m_NavMeshLayer: 0
  m_StaticEditorFlags: 0
  m_IsActive: 1
--- !u!114 &1904799108
MonoBehaviour:
  m_ObjectHideFlags: 0
  m_PrefabParentObject: {fileID: 0}
  m_PrefabInternal: {fileID: 0}
  m_GameObject: {fileID: 1904799107}
  m_Enabled: 1
  m_EditorHideFlags: 0
  m_Script: {fileID: 11500000, guid: 6f6da1ae358ecc444980cf716304c59d, type: 3}
  m_Name: 
  m_EditorClassIdentifier: 
  consoleText: {fileID: 0}
  playerName: Sir Spamsalot
  experiencePoints: 0
  level: 1
  hitPoints: 100
  maxHitPoints: 100
  xpNeededToLevel: 100
  medPacks: 5
  dead: 0
  hpGainedPerLevel: 15
  medPackDropChance: 30
  energyCellDropChance: 30
  currency: 0
  currencyName: Dhar'tariums
  lootInventoryList: []
  currentWeaponLoot:
    name: 
    displayName: 
    ammoValue: 0
    healValue: 0
    damageValue: 0
    pointsValue: 0
    costValue: 0
    ammoLootRequired: 
  lootTableList:
  - name: Med Pack
    displayName: 
    ammoValue: 0
    healValue: 0
    damageValue: 0
    pointsValue: 0
    costValue: 0
    ammoLootRequired: 
  - name: Energy Cell
    displayName: 
    ammoValue: 0
    healValue: 0
    damageValue: 0
    pointsValue: 0
    costValue: 0
    ammoLootRequired: 
  - name: Yuletronium
    displayName: 
    ammoValue: 0
    healValue: 0
    damageValue: 0
    pointsValue: 5
    costValue: 0
    ammoLootRequired: 
  - name: Laser Pistol
    displayName: 
    ammoValue: 5
    healValue: 0
    damageValue: 80
    pointsValue: 0
    costValue: 0
    ammoLootRequired: Energy Cell
  - name: Laser Rifle
    displayName: 
    ammoValue: 10
    healValue: 0
    damageValue: 120
    pointsValue: 0
    costValue: 0
    ammoLootRequired: Energy Cell
  printDelayed: 1
  printDelayedBufferString: 
  maxLines: 15
  places:
  - name: Start
    description: To start the game, hit S key.
    exits:
    - direction: 1
      destination: Ship
    type: 
    monsterNames: []
    monsterChance: 0
    lootNames: []
    lootChance: 0
  - name: Ship
    description: Your spaceship in which you are the captain of.
    exits:
    - direction: 4
      destination: Darmak
    - direction: 5
      destination: Eilladrid
    - direction: 2
      destination: Canta
    type: 
    monsterNames: []
    monsterChance: 0
    lootNames: []
    lootChance: 0
  - name: Starbase 9
    description: Starbase 9 is a busy port.
    exits:
    - direction: 6
      destination: Ship
    type: 
    monsterNames: []
    monsterChance: 0
    lootNames: []
    lootChance: 0
  - name: Planet
    description: You are on Planet Yulenia.
    exits:
    - direction: 4
      destination: Ship
    - direction: 5
      destination: Mineshaft
    type: 
    monsterNames: []
    monsterChance: 0
    lootNames: []
    lootChance: 0
  - name: Mineshaft
    description: You are in a dark, dangerous mineshaft surrounded by scary crawly
      aliens.
    exits:
    - direction: 4
      destination: Planet
    type: 
    monsterNames:
    - Fizzmonster
    monsterChance: 50
    lootNames:
    - Energy Cell
    lootChance: 0
  currentPlaceName: Start
  currentPlace:
    name: Test Planet
    description: Test planet, please ignore. To the south is the south pole. To the
      north is the north pole. To the east leads back to here. To the west leads back
      to here.
    exits: []
    type: 
    monsterNames: []
    monsterChance: 50
    lootNames: []
    lootChance: 50
  currentMonster:
    name: 4368657374687567676572
    hitPoints: 200
    damage: 80
    lootDropChance: 30
    lootDropNames: []
    dead: 0
    xpGained: 75
    CurrencyMax: 50
    CurrencyMin: 0
  monsterList:
  - name: Fizzmonster
    hitPoints: 11
    damage: 44
    lootDropChance: 10
    lootDropNames:
    - Med Pack
    dead: 0
    xpGained: 10
    CurrencyMax: 0
    CurrencyMin: 0
  - name: Buzzmonster
    hitPoints: 22
    damage: 88
    lootDropChance: 80
    lootDropNames:
    - Laser Rifle
    - Energy Cell
    dead: 0
    xpGained: 100
    CurrencyMax: 0
    CurrencyMin: 0
  - name: Lootmonster
    hitPoints: 100
    damage: 20
    lootDropChance: 100
    lootDropNames:
    - Yuletronium
    dead: 0
    xpGained: 100
    CurrencyMax: 0
    CurrencyMin: 0
  points: 0
  fighting: 0
--- !u!4 &1904799109
Transform:
  m_ObjectHideFlags: 0
  m_PrefabParentObject: {fileID: 0}
  m_PrefabInternal: {fileID: 0}
  m_GameObject: {fileID: 1904799107}
  m_LocalRotation: {x: 0, y: 0, z: 0, w: 1}
  m_LocalPosition: {x: 0, y: 0, z: 0}
  m_LocalScale: {x: 1, y: 1, z: 1}
  m_Children: []
  m_Father: {fileID: 0}
  m_RootOrder: 2
--- !u!1 &2002886570
GameObject:
  m_ObjectHideFlags: 0
  m_PrefabParentObject: {fileID: 0}
  m_PrefabInternal: {fileID: 0}
  serializedVersion: 4
  m_Component:
  - 4: {fileID: 2002886575}
  - 20: {fileID: 2002886574}
  - 92: {fileID: 2002886573}
  - 124: {fileID: 2002886572}
  - 81: {fileID: 2002886571}
  - 114: {fileID: 2002886576}
  m_Layer: 0
  m_Name: Main Camera
  m_TagString: MainCamera
  m_Icon: {fileID: 0}
  m_NavMeshLayer: 0
  m_StaticEditorFlags: 0
  m_IsActive: 1
--- !u!81 &2002886571
AudioListener:
  m_ObjectHideFlags: 0
  m_PrefabParentObject: {fileID: 0}
  m_PrefabInternal: {fileID: 0}
  m_GameObject: {fileID: 2002886570}
  m_Enabled: 1
--- !u!124 &2002886572
Behaviour:
  m_ObjectHideFlags: 0
  m_PrefabParentObject: {fileID: 0}
  m_PrefabInternal: {fileID: 0}
  m_GameObject: {fileID: 2002886570}
  m_Enabled: 1
--- !u!92 &2002886573
Behaviour:
  m_ObjectHideFlags: 0
  m_PrefabParentObject: {fileID: 0}
  m_PrefabInternal: {fileID: 0}
  m_GameObject: {fileID: 2002886570}
  m_Enabled: 1
--- !u!20 &2002886574
Camera:
  m_ObjectHideFlags: 0
  m_PrefabParentObject: {fileID: 0}
  m_PrefabInternal: {fileID: 0}
  m_GameObject: {fileID: 2002886570}
  m_Enabled: 1
  serializedVersion: 2
  m_ClearFlags: 1
  m_BackGroundColor: {r: 0, g: 0, b: 0, a: .0196078438}
  m_NormalizedViewPortRect:
    serializedVersion: 2
    x: 0
    y: 0
    width: 1
    height: 1
  near clip plane: .300000012
  far clip plane: 1000
  field of view: 60
  orthographic: 1
  orthographic size: 4.99887276
  m_Depth: -1
  m_CullingMask:
    serializedVersion: 2
    m_Bits: 4294967295
  m_RenderingPath: -1
  m_TargetTexture: {fileID: 0}
  m_TargetDisplay: 0
  m_TargetEye: 3
  m_HDR: 0
  m_OcclusionCulling: 1
  m_StereoConvergence: 10
  m_StereoSeparation: .0219999999
  m_StereoMirrorMode: 0
--- !u!4 &2002886575
Transform:
  m_ObjectHideFlags: 0
  m_PrefabParentObject: {fileID: 0}
  m_PrefabInternal: {fileID: 0}
  m_GameObject: {fileID: 2002886570}
  m_LocalRotation: {x: 0, y: 0, z: 0, w: 1}
  m_LocalPosition: {x: 0, y: 0, z: -10}
  m_LocalScale: {x: 1, y: 1, z: 1}
  m_Children: []
  m_Father: {fileID: 0}
  m_RootOrder: 1
--- !u!114 &2002886576
MonoBehaviour:
  m_ObjectHideFlags: 0
  m_PrefabParentObject: {fileID: 0}
  m_PrefabInternal: {fileID: 0}
  m_GameObject: {fileID: 2002886570}
  m_Enabled: 1
  m_EditorHideFlags: 0
  m_Script: {fileID: 11500000, guid: b991c54125aad014b967e97fbf640b19, type: 3}
  m_Name: 
  m_EditorClassIdentifier: 
  Camera: {fileID: 0}
  RollAngle: 0
  RollQuataternion: {x: 0, y: 0, z: 0, w: 1}
  RollMatrix:
    e00: 1
    e01: 0
    e02: 0
    e03: 0
    e10: 0
    e11: 1
    e12: 0
    e13: 0
    e20: 0
    e21: 0
    e22: 1
    e23: 0
    e30: 0
    e31: 0
    e32: 0
    e33: 1
  DeltaPosition: {x: 0, y: 0, z: 0}
  Velocity: {x: 0, y: 0, z: 0}
  OldRotation: {x: 0, y: 0, z: 0, w: 1}
  OldPosition: {x: 0, y: 0, z: -10}
